@book{
   DOC1,
   author      = {Bjarne Stroustrup},
   title       = {The C++ Programming Language},
   publisher   = {Addison-Wesley Professional},
   }

@book{
   DOC2,
   author      = {Nicolai M. Josuttis},
   title       = {The C++ Standard Library, A Tutorial and Reference},
   publisher   = {Addison Wesley},
   }

@book{
   DOC3,
   author      = {Herb Sutter},
   title       = {Exceptional C++, 47 Engineering Puzzles, Programming Problems and Solutions},
   publisher   = {Addison Wesley},
   }

@book{
   DOC4,
   author      = {Erich Gamma and Richard Helm and Ralph Johnson and John Vlissides},
   title       = {Design Patterns, Elements of Reusable Object-Oriented Programs},
   }

@book{
   DOC5,
   author      = {Mark Lutz},
   title       = {Python Programming (2nd Edition)},
   publisher   = {O'Reilly},
   }

@book{
   DOC6,
   author      = {John E. Grayson Manning},
   title       = {Python and Tkinter Programming},
   }

@misc{
   DOC7,
   title = {Doxygen, a documentation system for C++, Java, IDL and C},
   author = {Dimitri van Heesch},
   note = {\url{http://www.stack.nl/~dimitri/doxygen/index.html}}
   }

@misc{
   DOC8,
   title = {Astyle, Artistic Style "A Free, Fast and Small Automatic Indentation Filter for C, C++, Java Source Codes"},
   author = {Tal Davidson},
   note = {\url{http://astyle.sourceforge.net}}
   }

@misc{
   DOC9,
   title = {Unix Manuals for GCC (g++), CC},
   }

@misc{
   DOC10,
   title = {Information technology - Programming languages - C++, ISO/IEC 14882:1998 standard},
   }

@misc{
   DOC11,
   title = {Information technology - Programming languages - Fortran},
   note = {Part 1: Base Language, ISO/IEC 1539-1:1997 standard; Part 2: Varying length, ISO/IEC 1539-2:2000 standard; Part 3: Conditional compilation, ISO/IEC 1539-3:1999 standard}
   }

@misc{
   DOC12,
   title = {Guide de programmation du logiciel CRONOS2},
   author = {Jean-Jacques Lautard},
   howpublished = {Note 1997 SERMA/GUI/001/A}
}

@misc{
   DOC13,
   title = {Projet DESCARTES - R\`{e}gles de programmation},
   author = {Matthieu GUILLO and Olivier MORVANT and F. MOREAU},
   howpublished = {Note 2003 SERMA/02-3199/B, HI-27/2002/053/B}
}
