% Modeling

@book{
   UML,
   author      = {Pierre-Alain Muller},
   title       = {Mod\'elisation objet avec UML},
   publisher   = {Eyrolles},
   }

@book{
   GoF,
   author      = {Erich Gamma and Richard Helm and Ralph Johnson and John Vlissides},
   title       = {Design patterns},
   publisher   = {Addison Wesley},
   }

% C++ and STL

@book{
   ARM,
   author      = {Margaret A. Ellis and Bjarne Stroustrup},
   title       = {The annotated C++ reference manual, ANSI base document},
   publisher   = {Addison Wesley},
   }

@book{
   C++,
   author      = {Claude Delannoy},
   title       = {Programmer en langage C++},
   publisher   = {Eyrolles},
   }

@book{
   EffC++,
   author      = {Scott Meyers},
   title       = {Effective C++},
   publisher   = {Addison Wesley},
   }

@book{
   MeffC++,
   author      = {Scott Meyers},
   title       = {More effective C++, 35 new ways to improve your programs and designs},
   publisher   = {Addison Wesley},
   }

@book{
   ModC++,
   author      = {Andrei Alexandrescu},
   title       = {Modern C++ design, Generic programming and design patterns applied},
   publisher   = {Addison Wesley},
   }

@book{
   GenSTL,
   author      = {Matthew H. Austern},
   title       = {Generic programming and the STL, Using and extending the C++ Standard Template Library},
   publisher   = {Addison Wesley},
   }

@book{
   EffSTL,
   author      = {Scott Meyers},
   title       = {Effective STL, 50 specific ways to improve your use of the Standard Template Library},
   publisher   = {Addison Wesley},
   }

% Multithreading

@book{
   Thr,
   author      = {Bil Lewis and Daniel J. Berg},
   title       = {Threads primer, A guide to multithreaded programming},
   publisher   = {Prentice Hall},
   }

% Python

@book{
   LearnPy,
   author      = {Mark Lutz and David Ascher},
   title       = {Learning Python},
   publisher   = {O'Reilly},
   }

@book{
   ProgPy,
   author      = {Mark Lutz},
   title       = {Programming Python},
   publisher   = {O'Reilly},
   }

@misc{
    PY,
    title = {Python website},
    note = {\url{http://www.python.org/}}
}

% Qt

@book{
   ProgQt,
   author      = {Matthias Kalle Dalheimer},
   title       = {Programming with Qt},
   publisher   = {O'Reilly},
   }

% Subversion

@book{
   SvnBook,
   author      = {Ben Collins-Sussman and Brian W. Fitzpatrick and C. Micheal Pilato},
   title       = {Version Control with Subversion, for Subversion 1.1},
   publisher   = {Book compiled from revision 1337},
   }

@misc{
   SVNWeb,
   title = {Subversion website},
   note = {\url{http://subversion.tigris.org/}}
   }

% EDF internal documents

@misc{
   OTmeth,
   title = {Partenariat {EDF-EADS-P}himeca, {C}ontenu m\'ethodologique d'{O}pen {TURNS} version standard},
   author = {Anne Dutfoy},
   howpublished = {Note EDF R\&D HT-52/05/021/A}
}


@misc{
   SWIG,
   title = {{SWIG} website},
   note = {\url{http://www.swig.org/}}
}

@misc{
   BOOST,
   title = {{BOOST} website},
   note = {\url{http://www.boost.org/}}
}


@misc{
   OT,
   title = {Open {TURNS} project public website},
   note = {\url{http://www.openturns.org/}}
}

@misc{
   OTDev,
   title = {Open {TURNS} project public website},
   note = {\url{https://81.80.78.196/Incertitude}}
}

@misc{
   SALOME,
   title = {{SALOME} project web site},
   note = {\url{http://www.salome-platform.org/}}
}

@misc{
   UNICODE,
   title = {Unicode website},
   note = {\url{http://www.unicode.org/}}
}

@misc{
   R,
   title = {R project website},
   note = {\url{http://www.r-project.org/}}
}
